<?xml version="1.0" encoding="UTF-8"?><record xmlns="http://www.loc.gov/MARC21/slim" xmlns:cinclude="http://apache.org/cocoon/include/1.0" xmlns:zs="http://www.loc.gov/zing/srw/">
  <leader>00757cz  a2200169n  4500</leader>
  <controlfield tag="001">n  89280405 </controlfield>
  <controlfield tag="003">DLC</controlfield>
  <controlfield tag="005">20101001074826.0</controlfield>
  <controlfield tag="008">950727n| acannaab           |a aaa      </controlfield>
  <datafield tag="010" ind1=" " ind2=" ">
    <subfield code="a">n  89280405 </subfield>
  </datafield>
  <datafield tag="040" ind1=" " ind2=" ">
    <subfield code="a">DLC</subfield>
    <subfield code="c">DLC</subfield>
    <subfield code="d">DLC</subfield>
  </datafield>
  <datafield tag="100" ind1="1" ind2=" ">
    <subfield code="a">Ir̲aiyaracan̲, Pā.</subfield>
  </datafield>
  <datafield tag="400" ind1="1" ind2=" ">
    <subfield code="a">Iraiyarasan, Pa.</subfield>
  </datafield>
  <datafield tag="400" ind1="1" ind2=" ">
    <subfield code="a">Iraiyarasan, B.</subfield>
  </datafield>
  <datafield tag="670" ind1=" " ind2=" ">
    <subfield code="a">Ital̲āḷar Pāratiyār, 1995:</subfield>
    <subfield code="b">t.p. (Mun̲aivar Pā. Ir̲aiyaracan̲) t.p. verso (Dr. Pa. Iraivarasan) p. vii (with Pūṇṭi Ā. Vīraiyā Vāṇṭaiyār Tiru Puṭpam Kallūri; Ph. D. fr. Bharatidasan U.)</subfield>
  </datafield>
  <datafield tag="670" ind1=" " ind2=" ">
    <subfield code="a">Pāratiyārin̲ Vijayā, Cūriyōtayam ital̲kaḷ (1909-1910), 2009:</subfield>
    <subfield code="b">t.p. (Mun̲aivar Pā. Ir̲aiyaracan̲) t.p. verso (Dr. B. Iraiyarasan)</subfield>
  </datafield>
  <datafield tag="675" ind1=" " ind2=" ">
    <subfield code="a">Tamil writers dir., 1981.</subfield>
  </datafield>
</record>